@book{bernanke2015courage,
  author = {Bernanke, Ben S.},
  title = {The Courage to Act: A Memoir of a Crisis and Its Aftermath},
  year = {2015},
  publisher = {W. W. Norton \& Company},
  address = {New York, NY},
  isbn = {9780393247213}
}
    

@article{ardakani2022dynamics,
  author = {Ardakani, Omid M.},
  title = {The Dynamics of Money Velocity Over Time},
  year = {2022},
  month = {March},
  day = {30},
  journal = {SSRN Electronic Journal},
  doi = {10.2139/ssrn.4070983},
  url = {https://ssrn.com/abstract=4070983}
}
    